@inproceedings{Pamungkas2022systematic,
  title={A Systematic Review of Enterprise Performance},
  author={Maria Goretti, Wi Endang, Nirowati Pamungkas and Rachma Bhakti Utami},
  year={2022},
  booktitle={Proceedings of the 4th International Conference on Innovation in Engineering and Vocational Education (ICIEVE 2021)},
  pages={249-255},
  issn={2352-5398},
  isbn={978-94-6239-558-9},
  url={https://doi.org/10.2991/assehr.k.220305.051},
  doi={10.2991/assehr.k.220305.051},
  publisher={Atlantis Press}
}

@article{blahova2017remastering,
  title={Remastering contemporary enterprise performance management systems},
  author={Blahova, Michaela and Palka, Premysl and Haghirian, Parissa},
  journal={Measuring Business Excellence},
  volume={21},
  number={3},
  pages={250--260},
  year={2017},
  publisher={Emerald Publishing Limited}
}

@article{cokins2017enterprise,
  title={Enterprise performance management (EPM) and the digital revolution},
  author={Cokins, Gary},
  journal={Performance Improvement},
  volume={56},
  number={4},
  pages={14--19},
  year={2017},
  publisher={Wiley Online Library}
}

@article{stefan2010enterprise,
  title={Enterprise performance management with business intelligence solution},
  author={Stefan, Veronica and Duica, Mircea and Coman, Marius and Radu, Velentin},
  journal={Recent Advances in Business Administration},
  volume={4},
  number={1},
  pages={244--250},
  year={2010},
  publisher={Citeseer}
}